<?xml version="1.0" encoding="UTF-8"?><collection xmlns="http://www.loc.gov/MARC21/slim"><record><leader>00407nam--2200145-i-4500</leader><controlfield tag="001">000009241</controlfield><controlfield tag="002">20161230</controlfield><controlfield tag="005">20170121215312</controlfield><controlfield tag="008">060222s1000------------r-----000-0-eng-d</controlfield><datafield ind1=" " ind2=" " tag="080"><subfield code="a">621.039.9</subfield></datafield><datafield ind1=" " ind2=" " tag="100"><subfield code="a">Corbishley, D. J</subfield></datafield><datafield ind1=" " ind2=" " tag="245"><subfield code="a">Some seismic results of the us gasbuggy and rulison underground nuclear explosions</subfield><subfield code="b">Aldermaston, 1070</subfield></datafield><datafield ind1=" " ind2=" " tag="300"><subfield code="a">10 p</subfield></datafield><datafield ind1=" " ind2=" " tag="852"><subfield code="a">32703</subfield></datafield><datafield ind1=" " ind2=" " tag="CAT"><subfield code="a">SYS</subfield><subfield code="c">20170121</subfield><subfield code="h">215312</subfield></datafield></record></collection>